@misc{wasserman2014,
author = {S Wasserman},
year = {2014},
title = {Model-Based Systems Engineering – Beyond Spreadsheets},
url = {https://www.engineering.com/story/model-based-system-engineering---beyond-spreadsheets},
urldate = {2023-03-15},
}

@misc{kambesis2009,
author = {P Kambesis},
year = {2009},
title = {'The importance of cave exploration to scientific research'},
howpublished={Journal of Cave and Karst Studies, vol 69, no. 1, pp. 46-58.}
}

@misc{lewis2019,
author = {I Lewis},
year = {2019},
title = {'South Australian geology and the State Heritage Register: an example of geoconservation of the Naracoorte Caves complex and karst environment'},
howpublished={Australian Journal of Earth Sciences, vol. 66, no. 6, Taylor \& Francis, pp. 785–792.}
}

@misc{bright2022,
%manually doing this reference (just prints et al.!!)
author={H Bright},
year = {},
howpublished={Mahony, T, Verboon, N \& Zilm, L. (2022). 'CaveX', Honours thesis, University of Adelaide, Adelaide.}
}

@misc{nvidia2023a,
author = {NVIDIA},
year = {2023},
title = {Jetson Modules, Support, Ecosystem, and Lineup | NVIDIA Developer},
howpublished={NVIDIA},
url = {https://developer.nvidia.com/embedded/jetson-modules},
urldate = {2023-03-12}
}

@misc{ada2012,
author = {L Ada},
year = {2012},
title = {Using an FSR – Analog Voltage Reading Method},
howpublished={Adafruit},
url = {https://learn.adafruit.com/force-sensitive-resistor-fsr/using-an-fsr},
urldate = {2023-03-14}
}

@misc{rga2009,
author={RobotGearAustralia},
year = {2009},
url = {https://www.robotgear.com.au/Product.aspx/Details/658-Force-Sensing-Resistor-0-5-12-7mm-Circle},
urldate = {2023-03-14},
title={Force Sensing Resistor – 0.5” /12.7 mm circle}
}

@misc{dualsky2023,
author={Dualsky},
year = {2023},
url = {http://www.dualsky.com/Xpower_LiPos/64986f2b-c65e-d53c-6f56-99e22ad8c108.shtml},
urldate = {2023-03-14},
title={Xpower HED series – High Energy Density LiPo packs},
howpublished={Dualsky}
}

@misc{nvidia2023b,
author={NVIDIA},
year={2023},
url={https://developer.nvidia.com/embedded/jetson-modules},
urldate={2023-03-14},
title={Jetson Modules},
howpublished={NVIDIA}
}